@article{main,
  doi = {10.1109/mpul.2018.2833066},
  url = {https://doi.org/10.1109/mpul.2018.2833066},
  year = {2018},
  month = jul,
  publisher = {Institute of Electrical and Electronics Engineers ({IEEE})},
  volume = {9},
  number = {4},
  pages = {4--7},
  title = {Self Driving and Self Diagnosing: With Emerging Technology,  Your Car May Soon Serve Not Only as Personal Chauffeur and Entertainment Center but as a Health Advisor Too}
}

@inproceedings{2021,
  doi = {10.1109/antem51107.2021.9518503},
  url = {https://doi.org/10.1109/antem51107.2021.9518503},
  year = {2021},
  month = aug,
  publisher = {{IEEE}},
  author = {Hajar Abedi and Clara Magnier and George Shaker},
  title = {Passenger Monitoring Using {AI}-Powered Radar}
}

@inproceedings{2018,
  doi = {10.23919/iconac.2018.8748986},
  url = {https://doi.org/10.23919/iconac.2018.8748986},
  year = {2018},
  month = sep,
  publisher = {{IEEE}},
  author = {R. M. Fouad and A. Onsy and Osama A. Omer},
  title = {Improvement of Driverless Cars{\textquotesingle} Passengers on Board Health and Safety,  using Low-Cost Real-Time Heart Rate Monitoring System}
}

@inproceedings{2019,
  doi = {10.1109/sensors43011.2019.8956880},
  url = {https://doi.org/10.1109/sensors43011.2019.8956880},
  year = {2019},
  month = oct,
  publisher = {{IEEE}},
  author = {Mostafa Alizadeh and Hajar Abedi and George Shaker},
  title = {Low-cost low-power in-vehicle occupant detection with mm-wave {FMCW} radar}
}

